@book{marcus,
	author		= {Marcus, Daniel A.},
	title			= {Number Fields},
	year			= {1977},
	publisher		= {Springer-Verlag New York}
}
@book{neukirch,
	author		= {Neukirch, J{\"u}rgen},
	title			= {Algebraic Number Theory},
	year			= {1999},
	publisher		= {Springer-Verlag Berlin Heidelberg},
	series		= {Grundlehren der Mathematik Wissenshaft 322}
}
@misc{milne,
	author		= {Milne, James S.},
	title			= {Algebraic Number Theory (v3.00)},
	year			= {2008},
	note			= {Available at www.jmilne.org/math/},
	pages		= {155+viii}
}
@book{lang,
	author		= {Lange, Serge},
	title			= {Algebraic Number Theory},
	year			= {1994},
	publisher		= {Springer-Verlag New York},
	edition		= {2}
}
@book{murty,
	author		= {Murty, M. Ram and Esmonde, Jody Indigo},
	title			= {Problems in Algebraic Number Theory},
	year			= {2005},
	publisher		= {Springer-Verlag New York},
	edition		= {2}
}
@book{janusz,
	author		= {Janusz, Gerald J.},
	title			= {Algebraic Number Fields},
	year			= {2005},
	publisher		= {American Mathematical Society},
	series		= {Graduate Studies in Mathematics (Book 7)},
	edition		= {2}
}
@book{dummit,
	author		= {Dummit, David S. and Foote, Richard M.},
	title			= {Abstract Algebra},
	year			= {2003},
	publisher		= {Wiley},
	edition		= {3}
}
@online{brown,
	author		= {Brown, Ken},
	title			= {The Primitive Element Theorem},
	year			= {2010},
	url			= {http://pi.math.cornell.edu/~kbrown/6310/primitive.pdf},
	urldate		= {2019-05-25}
}















